<?xml version="1.0"?>
<marc:records xmlns:marc="http://www.loc.gov/MARC21/slim" xmlns:xsi="http://www.w3.org/2001/XMLSchema-instance" xsi:schemaLocation="http://www.loc.gov/MARC21/slim http://www.loc.gov/standards/marcxml/schema/MARC21slim.xsd">
  <marc:record>
    <marc:leader>05257ctm a2200625Ia 4500</marc:leader>
    <marc:controlfield tag="001">9948588323503681</marc:controlfield>
    <marc:controlfield tag="005">20211011114816.0</marc:controlfield>
    <marc:controlfield tag="008">101122s1562    paua          000 0 ger d</marc:controlfield>
    <marc:datafield ind1=" " ind2=" " tag="035">
  <marc:subfield code="a">(OCoLC)ocn791454879</marc:subfield>
</marc:datafield>
    <marc:datafield ind1=" " ind2=" " tag="035">
  <marc:subfield code="a">(OCoLC)791454879</marc:subfield>
</marc:datafield>
    <marc:datafield ind1=" " ind2=" " tag="035">
  <marc:subfield code="a">(PU)4858832-penndb-Voyager</marc:subfield>
</marc:datafield>
    <marc:datafield ind1=" " ind2=" " tag="040">
  <marc:subfield code="a">PAULM</marc:subfield>
  <marc:subfield code="c">PAULM</marc:subfield>
  <marc:subfield code="e">amremm</marc:subfield>
  <marc:subfield code="d">PAULM</marc:subfield>
</marc:datafield>
    <marc:datafield ind1="1" ind2=" " tag="041">
  <marc:subfield code="a">ger</marc:subfield>
  <marc:subfield code="h">fre</marc:subfield>
</marc:datafield>
    <marc:datafield ind1=" " ind2=" " tag="049">
  <marc:subfield code="a">PAUM</marc:subfield>
</marc:datafield>
    <marc:datafield ind1=" " ind2=" " tag="079">
  <marc:subfield code="a">ocn791454878</marc:subfield>
</marc:datafield>
    <marc:datafield ind1=" " ind2="9" tag="099">
  <marc:subfield code="a">Oversize LJS 254</marc:subfield>
</marc:datafield>
    <marc:datafield ind1="1" ind2=" " tag="100">
  <marc:subfield code="a">Helm, Franz,</marc:subfield>
  <marc:subfield code="d">approximately 1500-1567.</marc:subfield>
</marc:datafield>
    <marc:datafield ind1="1" ind2="0" tag="245">
  <marc:subfield code="a">[Buch von den probierten Ku&#x308;&#x308;&#x308;nsten]</marc:subfield>
  <marc:subfield code="h">[manuscript].</marc:subfield>
</marc:datafield>
    <marc:datafield ind1=" " ind2=" " tag="260">
  <marc:subfield code="a">[Germany,</marc:subfield>
  <marc:subfield code="c">after 1562]</marc:subfield>
</marc:datafield>
    <marc:datafield ind1=" " ind2=" " tag="300">
  <marc:subfield code="a">285 leaves :</marc:subfield>
  <marc:subfield code="b">paper, col. ill. ;</marc:subfield>
  <marc:subfield code="c">320 x 210 (215 x 115) mm. bound to 323 x 230 mm.</marc:subfield>
</marc:datafield>
    <marc:datafield ind1=" " ind2=" " tag="500">
  <marc:subfield code="a">Collation:  Paper, 285; 1&#xB9;&#x2070;(-2) 2&#xB9;&#x2070; 3&#x2078; 4-8&#xB9;&#x2070; 9&#xB9;&#x2070;(-8) 10&#xB9;&#x2070;(-1) 11&#xB9;&#x2070; 12&#xB9;&#x2070;(-4) 13&#xB9;&#x2070;(-2) 14&#xB9;&#x2070; 15&#xB9;&#x2070;(-1) 16&#xB9;&#x2070;(-1) 17&#xB9;&#x2070;(-4) 18-20&#xB9;&#x2070; 21&#xB9;&#x2070;(-2) 22&#xB9;&#x2070;(-2) 23-26&#xB9;&#x2070; 27&#xB9;&#x2070;(-1) 28&#xB9;&#x2070; 29&#xB9;&#x2070;(-3) 30&#xB9;&#x2070;(-1) 31&#x2078; 32&#xB9;&#x2070;(-6?); [i-xxvi], 1-52, 61-83, 88-92, 94, 96-111, 113-129, 131-133, 138-174, 177-186, 188-189, 191-238, 240-252, 254-255, 258-262, 264-270, [271-282]; contemporary foliation in ink, upper right recto; gatherings 4-29 signed A-I, K-T, V-Z, Z, a; catchwords on the last lower left verso of each gathering except for gatherings 3-4, 9 (leaf missing), 16 (leaf missing), 22 (leaf missing), and 29-32 (blank).</marc:subfield>
</marc:datafield>
    <marc:datafield ind1=" " ind2=" " tag="500">
  <marc:subfield code="a">Binding:  Limp parchment.</marc:subfield>
</marc:datafield>
    <marc:datafield ind1=" " ind2=" " tag="500">
  <marc:subfield code="a">Origin:  Written in southeast Germany, perhaps Cham, after 1562 (later note, f. i recto; title page, f. ii recto; added note, f. 265r).</marc:subfield>
</marc:datafield>
    <marc:datafield ind1=" " ind2=" " tag="500">
  <marc:subfield code="a">Title supplied by cataloger.</marc:subfield>
</marc:datafield>
    <marc:datafield ind1=" " ind2=" " tag="500">
  <marc:subfield code="a">Ms. codex.</marc:subfield>
</marc:datafield>
    <marc:datafield ind1=" " ind2=" " tag="500">
  <marc:subfield code="a">Layout:  Written in 22-25 long lines; left vertical bounding line made by folding (giving each leaf 2 folds, with only one being used on each side as the left margin).</marc:subfield>
</marc:datafield>
    <marc:datafield ind1=" " ind2=" " tag="500">
  <marc:subfield code="a">Script:  Written in German cursive script, with headings in German Gothic script, perhaps in the hand of Georg Ganser of Cham (added note, f. 265r).</marc:subfield>
</marc:datafield>
    <marc:datafield ind1=" " ind2=" " tag="500">
  <marc:subfield code="a">Decoration:  Approximately 40 half- to full-page painted color illustrations of explosives and equipment for launching them or calculating trajectories (f. 49r-143r, 211v-246v); 4 double-page painted illustrations, 1 showing a large piece of equipment (f. 50v-51r) and 3 being of men operating cannons (f. 241v-242r, 242v-243r, 244v-245r); and 2 foldout painted illustrations of encampments surrounded by carts (f. 260r, 266r); one ornamented initial in penwork at the beginning of the foreword (f. iii recto).</marc:subfield>
</marc:datafield>
    <marc:datafield ind1=" " ind2=" " tag="500">
  <marc:subfield code="a">Watermarks:  Briquet Armoiries 1242 (Vienna, 1566, with variations in southern Germany 1573-1599); Briquet Lettre P 8880 (Prague, 1558, with variations in Austria and southern Germany, 1543-1576), and a coat of arms containing a turret, supported by griffins rampant.</marc:subfield>
</marc:datafield>
    <marc:datafield ind1="4" ind2=" " tag="510">
  <marc:subfield code="a">Described in Transformation of knowledge: early manuscripts from the collection of Lawrence J. Schoenberg (London: Paul Holberton, 2006),</marc:subfield>
  <marc:subfield code="c">p. 123 (LJS 254).</marc:subfield>
</marc:datafield>
    <marc:datafield ind1=" " ind2=" " tag="520">
  <marc:subfield code="a">Illustrated treatise on gunpowder and artillery; probably a copy of an early recension of Franz Helm's work Buch von den probierten Ku&#x308;&#x308;&#x308;nsten that first appeared between 1527 and 1535.  The title page includes language similar to that title and a date of 1562 (f. ii).  The date is echoed in a note added at the end of the manuscript in another hand; this note also attributes the copying of the manuscript to Georg Ganser of Cham and suggests that it was translated from French into German (f. 265r).</marc:subfield>
</marc:datafield>
    <marc:datafield ind1=" " ind2=" " tag="524">
  <marc:subfield code="a">Oversize UPenn LJS 254.</marc:subfield>
</marc:datafield>
    <marc:datafield ind1=" " ind2=" " tag="546">
  <marc:subfield code="a">German.</marc:subfield>
</marc:datafield>
    <marc:datafield ind1="1" ind2=" " tag="561">
  <marc:subfield code="a">Gift of Barbara Brizdle Schoenberg, 2019.</marc:subfield>
</marc:datafield>
    <marc:datafield ind1="1" ind2=" " tag="561">
  <marc:subfield code="a">Sold at auction at Sotheby's, 21 May 1998, lot 40, to Lawrence J. Schoenberg.</marc:subfield>
</marc:datafield>
    <marc:datafield ind1="1" ind2=" " tag="561">
  <marc:subfield code="a">Deposit by Lawrence J. Schoenberg and Barbara Brizdle, 2011.</marc:subfield>
</marc:datafield>
    <marc:datafield ind1=" " ind2="0" tag="650">
  <marc:subfield code="a">Artillery</marc:subfield>
  <marc:subfield code="v">Early works to 1800.</marc:subfield>
</marc:datafield>
    <marc:datafield ind1=" " ind2="0" tag="650">
  <marc:subfield code="a">Explosives</marc:subfield>
  <marc:subfield code="v">Early works to 1800.</marc:subfield>
</marc:datafield>
    <marc:datafield ind1=" " ind2="0" tag="650">
  <marc:subfield code="a">Military art and science</marc:subfield>
  <marc:subfield code="v">Early works to 1800.</marc:subfield>
</marc:datafield>
    <marc:datafield ind1=" " ind2="7" tag="655">
  <marc:subfield code="a">Codices.</marc:subfield>
  <marc:subfield code="2">aat</marc:subfield>
</marc:datafield>
    <marc:datafield ind1=" " ind2="7" tag="655">
  <marc:subfield code="a">Paintings (visual works)</marc:subfield>
  <marc:subfield code="2">aat</marc:subfield>
</marc:datafield>
    <marc:datafield ind1=" " ind2="0" tag="655">
  <marc:subfield code="a">Manuscripts, Renaissance.</marc:subfield>
</marc:datafield>
    <marc:datafield ind1=" " ind2="0" tag="655">
  <marc:subfield code="a">Manuscripts, German</marc:subfield>
  <marc:subfield code="y">16th century.</marc:subfield>
</marc:datafield>
    <marc:datafield ind1=" " ind2="7" tag="655">
  <marc:subfield code="a">Treatises.</marc:subfield>
  <marc:subfield code="2">aat</marc:subfield>
</marc:datafield>
    <marc:datafield ind1="1" ind2=" " tag="700">
  <marc:subfield code="a">Ganser, Georg,</marc:subfield>
  <marc:subfield code="e">scribe.</marc:subfield>
</marc:datafield>
    <marc:datafield ind1="2" ind2=" " tag="710">
  <marc:subfield code="a">Lawrence J. Schoenberg Collection (University of Pennsylvania)</marc:subfield>
  <marc:subfield code="5">PU</marc:subfield>
</marc:datafield>
    <marc:datafield ind1="0" ind2="0" tag="773">
  <marc:subfield code="t">Lawrence J. Schoenberg Collection (University of Pennsylvania)</marc:subfield>
</marc:datafield>
    <marc:datafield ind1=" " ind2=" " tag="852">
  <marc:subfield code="b">Kislak Center for Special Collections, Rare Books and Manuscripts</marc:subfield>
  <marc:subfield code="a">University of Pennsylvania</marc:subfield>
  <marc:subfield code="e">3420 Walnut Street, Philadelphia, Pennsylvania 19104-6206.</marc:subfield>
  <marc:subfield code="j">Oversize LJS 254</marc:subfield>
</marc:datafield>
    <marc:datafield ind1="4" ind2="1" tag="856">
  <marc:subfield code="z">Digital facsimile for browsing (Colenda)</marc:subfield>
  <marc:subfield code="u">https://colenda.library.upenn.edu/catalog/81431-p3222r66r</marc:subfield>
</marc:datafield>
    <marc:datafield ind1="4" ind2="2" tag="856">
  <marc:subfield code="3">Unique at Penn blog post</marc:subfield>
  <marc:subfield code="u">https://repository.upenn.edu/uniqueatpenn/6/</marc:subfield>
</marc:datafield>
    <marc:datafield ind1="4" ind2="1" tag="856">
  <marc:subfield code="z">Video orientation</marc:subfield>
  <marc:subfield code="u">http://hdl.library.upenn.edu/1017.12/1502733</marc:subfield>
</marc:datafield>
    <marc:datafield ind1="4" ind2="2" tag="856">
  <marc:subfield code="3">The Lawrence J. Schoenberg and Barbara Brizdle Manuscript Initiative Fund Home Page</marc:subfield>
  <marc:subfield code="u">http://hdl.library.upenn.edu/1017.12/366278</marc:subfield>
</marc:datafield>
    <marc:datafield ind1="4" ind2="1" tag="856">
  <marc:subfield code="z">Facsimile</marc:subfield>
  <marc:subfield code="u">http://hdl.library.upenn.edu/1017/d/medren/4858832</marc:subfield>
</marc:datafield>
    <marc:datafield ind1="4" ind2="1" tag="856">
  <marc:subfield code="z">Digital facsimile for download (OPenn)</marc:subfield>
  <marc:subfield code="u">https://openn.library.upenn.edu/Data/0001/html/ljs254.html</marc:subfield>
</marc:datafield>
    <marc:datafield ind1=" " ind2=" " tag="994">
  <marc:subfield code="a">C0</marc:subfield>
  <marc:subfield code="b">PAULM</marc:subfield>
</marc:datafield>
    <marc:datafield ind1=" " ind2=" " tag="999">
  <marc:subfield code="a">DLA</marc:subfield>
  <marc:subfield code="b">20101217</marc:subfield>
</marc:datafield>
    <marc:holdings>
      <marc:holding>
        <marc:holding_id>22288344740003681</marc:holding_id>
        <marc:call_number>Oversize LJS 254</marc:call_number>
        <marc:library>KislakCntr</marc:library>
        <marc:location>scmss</marc:location>
      </marc:holding>
    </marc:holdings>
  </marc:record>
</marc:records>
